<record><leader>00000cas a2200000 a 4500</leader><controlfield tag="001">32228346</controlfield><controlfield tag="007">hd bfu---baat</controlfield><controlfield tag="007">hd afu---bact</controlfield><controlfield tag="008">950330d19141915nbudn nea     0    0eng d</controlfield><datafield ind1=" " ind2=" " tag="010"><subfield code="a">sn 95069283 </subfield></datafield><datafield ind1=" " ind2=" " tag="040"><subfield code="a">NVG</subfield><subfield code="b">eng</subfield><subfield code="c">NVG</subfield><subfield code="d">OCL</subfield><subfield code="d">OCLCQ</subfield></datafield><datafield ind1=" " ind2=" " tag="042"><subfield code="a">msc</subfield></datafield><datafield ind1=" " ind2=" " tag="043"><subfield code="a">n-us-nb</subfield></datafield><datafield ind1="0" ind2=" " tag="130"><subfield code="a">Morning free press (Grand Island, Neb.)</subfield></datafield><datafield ind1="1" ind2="4" tag="245"><subfield code="a">The morning free press</subfield><subfield code="h">[microform].</subfield></datafield><datafield ind1=" " ind2=" " tag="260"><subfield code="a">Grand Island, Neb. :</subfield><subfield code="b">Grand Island Pub. Co.,</subfield><subfield code="c">1914-</subfield></datafield><datafield ind1=" " ind2=" " tag="300"><subfield code="a">v.</subfield></datafield><datafield ind1=" " ind2=" " tag="310"><subfield code="a">Daily (except Mon.)</subfield></datafield><datafield ind1="0" ind2=" " tag="362"><subfield code="a">Vol. 1, no. 1 (Aug. 2, 1914)-</subfield></datafield><datafield ind1="1" ind2=" " tag="362"><subfield code="a">Ceased in 1915.</subfield></datafield><datafield ind1=" " ind2=" " tag="580"><subfield code="a">Weekly ed.: Free press (Grand Island, Neb.).</subfield></datafield><datafield ind1=" " ind2=" " tag="533"><subfield code="a">Microfilm.</subfield><subfield code="m">1914-1915:[Gaps]</subfield><subfield code="b">Lincoln, Neb. :</subfield><subfield code="c">Nebraska State Historical Society,</subfield><subfield code="d">1978.</subfield><subfield code="e">2 microfilm reels ; 35 mm.</subfield></datafield><datafield ind1=" " ind2=" " tag="752"><subfield code="a">United States</subfield><subfield code="b">Nebraska</subfield><subfield code="c">Hall</subfield><subfield code="d">Grand Island.</subfield></datafield><datafield ind1="1" ind2=" " tag="775"><subfield code="t">Free press (Grand Island, Neb.)</subfield><subfield code="w">(DLC)sn 95069282</subfield></datafield><datafield ind1="1" ind2=" " tag="029"><subfield code="a">AU@</subfield><subfield code="b">000022177919</subfield></datafield></record>